5028 6104
1254 609 1317 690 ‘tl'

457 861 551 942 ouius
571 875 689 924 novum
709 872 897 940 proponere
921 853 1105 922 hominibus
1126 851 1554 940 literatiszexplioutionem
1566 853 1761 924 inanimum
1782 856 1985 938 induximus,
2004 857 2161 926 Arist&-

455 1007 556 1076 telem
568 1001 763 1093 aequalium
784 1024 917 1070 suorum
937 1003 1052 1074 usibus
1075 1003 1307 1089 oonspluisse,
1335 1011 1370 1072 et
1400 1004 1430 1068 si
1455 1025 1522 1093 qua
1548 1001 1629 1070 insit
1651 1005 1804 1076 diotionis
1835 1005 2059 1089 indiligentia,
2090 1031 2132 1073 es

453 1179 495 1223 ne
518 1156 560 1222 ab
580 1153 689 1239 hujus·
701 1151 776 1222 libri
796 1152 927 1222 ratione
947 1151 1057 1222 elisus
1077 1154 1239 1222 ridentur.

575 1303 788 1391 Propositum
809 1309 900 1387 erut,
923 1305 1084 1392 quaedam
1105 1305 1254 1388 ndjieere
1277 1307 1318 1372 de
1347 1327 1389 1372 es
1418 1303 1631 1394 quaestione,
1660 1314 1797 1372 rectene
1819 1305 2024 1373 Aristoteles
2049 1305 2133 1387 judi·

457 1455 558 1538 earit‚
579 1451 669 1520 illum
688 1451 823 1522 fabulae
845 1455 1134 1541 eompositioneun,
1165 1475 1249 1544 quae
1275 1454 1308 1520 in
1333 1476 1390 1522 res
1419 1454 1560 1522 miseras
1582 1455 1801 1544 funestaeque
1822 1455 2008 1534 desineret,
2038 1474 2133 1540 prae·

455 1605 627 1673 terendam
648 1624 728 1670 esse
750 1603 798 1687 ei,
821 1625 905 1693 quae
927 1606 1093 1671 contrario
1115 1607 1206 1672 statu
1228 1611 1393 1684 uteretur;
1425 1605 1490 1670 sed¹
1508 1603 1675 1672 inhibente
1703 1607 1912 1693 typographo
1941 1589 2047 1670 sutilis
2080 1612 2134 1669 est

455 1755 598 1823 transire
620 1754 663 1821 nd
683 1772 757 1818 enm
776 1752 922 1820 muneris
943 1755 1095 1842 suseepti
1115 1763 1261 1842 partem,
1295 1758 1389 1840 eujus
1416 1777 1521 1822 eausa
1548 1756 1634 1822 haee
1661 1752 1806 1844 praefati
1834 1776 1964 1839 sumus,
1997 1775 2081 1842 quae
2104 1755 2134 1820 si

454 1907 604 1974 homines
626 1903 747 1971 eruditi
776 1911 812 1970 et
832 1904 948 1970 harum
970 1903 1139 1971 literarum
1161 1906 1284 1972 curiosi
1304 1929 1369 1973 non
1388 1905 1488 1994 plane
1510 1927 1531 1970 a
1553 1927 1591 1972 ra
1613 1905 1781 1992 disputata
1803 1926 1881 1971 esse
1899 1902 2134 1988 judinaverint,

456 2055 565 2123 omnin
584 2075 669 2145 quae
699 2075 840 2142 sperare
866 2062 1060 2142 poteramus
1078 2057 1231 2122 aesoouti
1256 2078 1335 2124 esse
1364 2065 1400 2124 et
1426 2054 1657 2123 tumultuariae
1687 2053 1818 2142 opellae
1845 2055 1984 2142 pretium
2005 2053 2137 2119 fecisse

451 2205 547 2274 nobis
570 2203 761 2273 videbimur.
1666 2172 1671 2181 ⁸

576 2355 683 2432 Quem
702 2355 795 2422 initio
819 2355 947 2422 instnre
974 2354 1159 2439 significavi
1185 2359 1273 2426 diem
1300 2355 1441 2440 laetum,
1472 2379 1537 2447 quo
1563 2364 1696 2423 sentum
1728 2357 1850 2422 abhino
1874 2358 1968 2423 annis
1990 2354 2136 2436 Gymno-

455 2508 539 2576 sium
559 2513 709 2572 nostrum
729 2505 960 2590 inauguratum
981 2512 1016 2572 et
1036 2504 1482 2574 &werico-Alexandrinae
1503 2509 1600 2574 modo
1628 2506 1782 2573 conditae
1810 2507 1910 2574 rebus
1943 2508 2131 2590 adjunctum

455 2665 525 2744 est,
548 2679 623 2725 eum
645 2654 711 2722 dio
738 2661 881 2746 quarto
909 2656 1063 2722 deoimo
1089 2657 1206 2741 hujus
1227 2659 1357 2745 ipsius
1379 2656 1533 2728 mensis
1555 2676 1629 2722 oum
1650 2656 1714 2743 piis
1736 2657 1822 2724 votis
1848 2666 1883 2724 et
1905 2666 2004 2744 grata
2023 2677 2132 2722 rernm

454 2814 643 2876 nostrarum
658 2803 892 2871 recordatione
910 2806 1114 2873 celebratum
1134 2806 1229 2873 imus.
1272 2807 1416 2884 Quorum
1437 2806 1630 2874 solemnium
1649 2807 1739 2872 utin
1760 2809 2018 2875 communionem
2035 2805 2130 2871 nobis
2227 2863 2229 2870 .

454 2959 567 3027 tenire
609 2964 645 3022 et
669 2953 747 3022 Deo
778 2956 901 3044 optimo
930 2955 1089 3041 maximo,
1115 2957 1211 3043 eujus
1248 2956 1409 3024 beneficio
1446 2957 1618 3049 hueusque
1657 2980 1715 3062 rqs
1744 2967 1880 3026 nostrae
1914 2964 2069 3025 servatae
2097 2963 2132 3020 et

455 3109 562 3193 Regis
585 3106 813 3191 augustissimi
835 3113 870 3172 et
891 3105 1141 3173 elementissimi
1163 3107 1321 3194 auspiciis
1348 3114 1467 3174 suntne
1495 3116 1589 3191 sunt,
1619 3129 1684 3173 una
1705 3109 1877 3175 nobiseum
1908 3099 2025 3196 ‘grates
2059 3130 2136 3194 per·

455 3256 588 3324 solvere
616 3261 651 3320 et
677 3256 736 3344 pia
760 3261 841 3322 rota
860 3277 1052 3344 nuncupare
1084 3263 1183 3346 atque
1205 3259 1249 3324 sd
1275 3258 1443 3325 orationes
1463 3259 1745 3349 renitationesque
1767 3261 1947 3326 audiendas
1969 3260 2064 3326 nobis
2086 3260 2133 3322 in·

454 3417 587 3474 teresse
615 3404 739 3488 velint,
768 3404 908 3494 primunr
933 3405 1170 3473 Universitutis
1192 3407 1427 3476 Proreotarern
1452 3409 1661 3495 magnifieum
1689 3431 1755 3474 una
1782 3431 1856 3476 eum
1877 3408 2131 3477 Professoribus

454 3554 769 3654 utqueDootoribus
789 3555 1060 3643 spentutissimis,
1083 3579 1197 3624 omnes
1218 3558 1316 3642 luijus
1337 3558 1427 3625 urbis
1441 3559 1623 3644 Primores,
1636 3558 1868 3645 Magistratus,
1890 3580 2015 3626 summe
2036 3579 2131 3624 rese·

452 3710 588 3792 rendos,
608 3704 869 3790 illustrissimos,
887 3704 1123 3796 amplissimos,
1144 3709 1214 3774 suis
1232 3730 1391 3799 quamque
1402 3709 1590 3777 muneribus
1606 3716 1706 3810 atque
1718 3709 1822 3776 titulis
1841 3719 1988 3791 ornatos,
2011 3709 2130 3775 deinde

455 3858 596 3925 omnium
611 3856 758 3923 ordinum
770 3856 885 3940 Cives,
901 3859 1061 3944 jurenurn
1084 3867 1221 3927 nostrae
1235 3859 1428 3949 disoiplinae
1452 3862 1701 3928 commissorum
1714 3860 1892 3944 Parentes,
1911 3882 2025 3928 omnes
2043 3859 2133 3926 deni·

455 4031 531 4099 que,
552 4008 607 4098 qui
623 4007 790 4092 juventuti
812 4007 939 4074 artibus
961 4007 1059 4075 bonis
1078 4009 1279 4077 erudiendae
1298 4008 1414 4079 favent
1434 4019 1492 4078 snt
1510 4011 1683 4078 nobisemn
1701 4013 1846 4079 muneris
1868 4012 2033 4078 societate
2055 4033 2131 4077 oon·

448 4158 556 4244 junoti
577 4159 724 4242 student,
744 4180 901 4245 rogamus
922 4159 1174 4250 innitamurque.
1214 4159 1331 4252 Neque
1351 4182 1521 4245 veremur,
1541 4183 1584 4228 ne
1605 4185 1627 4228 a
1645 4160 1754 4231 Vobis
1773 4163 1988 4250 repudientur
2006 4182 2128 4250 preses

452 4317 599 4416 nostraq.
641 4307 800 4384 Quemvis
821 4310 907 4377 enim
926 4311 1070 4378 nondum
1096 4309 1264 4380 effluxerit
1284 4333 1327 4378 ex
1354 4311 1471 4378 animis
1490 4313 1616 4379 nostris
1639 4313 1764 4381 dieram
1782 4285 1946 4382 festorum
1966 4315 2132 4380 antelmo

451 4457 616 4526 biennium
638 4481 764 4526 summu
784 4482 858 4527 erim
881 4461 1077 4529 oelebritate
1103 4461 1138 4528 in
1162 4462 1229 4529 heo
1252 4461 1344 4530 Urbe
1373 4469 1522 4530 aetorum
1549 4464 1756 4548 recordatio,
1792 4486 1927 4556 quorum
1959 4463 2130 4552 splendori

451 4615 486 4675 et
498 4608 765 4694 magnificentiae
777 4633 888 4679 rerum
900 4620 1090 4680 nostrerum·
1101 4614 1294 4681 tenuitatem
1306 4621 1340 4681 et
1352 4613 1616 4682 mediooritatem
1629 4612 2053 4705 comparareneorolumus
2062 4635 2126 4682 neo

449 4781 642 4847 possumus:
665 4769 775 4831 tannen
794 4761 881 4846 Vos,
903 4762 1052 4834 seientes
1074 4775 1113 4854 ot¹
1128 4774 1297 4856 expertos,
1322 4775 1475 4858 qusntum
1495 4765 1608 4836 salem
1627 4777 1725 4838 recta
1743 4785 1918 4856 puerorum
1931 4769 2130 4850 etinvenum
