5028 6104
1223 609 1279 694 lo

410 859 579 940 Miletos·
599 851 671 926 iore
690 859 728 926 di
747 860 873 944 πρᾶξαι
892 857 969 941 μέν,
998 856 1201 940 ἀγνοοῦντας
1221 855 1257 922 dd
1277 858 1404 940 πρᾶξαι
1424 855 1469 924 τὸ·
1483 855 1614 936 derude,
1637 855 1711 926 εἶθ’
1737 855 1882 943 ὕστερον
1907 861 2097 950 monopt-

412 1031 468 1078 σαι
488 1009 546 1092 τὴν
566 1012 695 1098 φιλίαν,
717 1005 853 1093 ὥσπερ
876 1007 1184 1098 ὁΣοφοκλίους
1208 1007 1432 1085 Οίὸίπους·
1453 1009 1625 1092 τοῦτομὲν
1638 999 1697 1074 οὖν
1710 1009 1774 1090 ἔξω
1788 1011 1848 1076 τοῦ
1857 1009 2041 1096 ιδράματος,
2055 1023 2092 1084 du

412 1161 527 1248 δἀὐτῇ
548 1162 590 1248 τῇ
610 1159 792 1244 τραγῳδία,
814 1154 901 1236 olor
921 1156 939 1222 ὁ
957 1157 1179 1240 Ἀλκμαίων
1203 1156 1568 1241 ὁἈστυὸιίμαντος
1590 1153 1610 1240 ἢ
1632 1157 1652 1224 ὁ
1675 1157 1915 1242 Τηλέγονος
1935 1159 1954 1226 o‘
1975 1167 2017 1228 du
2036 1167 2084 1251 τᾷ

413 1307 651 1395 τραυματίᾳ
674 1307 866 1376 Ὀδυσσεῖ.
919 1306 986 1374 llic
1012 1307 1107 1373 locus
1141 1307 1279 1394 eg'regie
1318 1307 1505 1373 sententiae
1535 1309 1632 1374 modo
1670 1308 1873 1395 propositae·
1894 1331 2092 1382 succurrere

412 1461 491 1528 mihi
516 1460 663 1543 uidetur,
689 1458 854 1558 'simulque
882 1458 931 1525 ito
960 1465 1172 1545 comparatus
1204 1480 1300 1542 esse,
1327 1465 1364 1524 ut
1389 1457 1559 1526 scribendi
1584 1456 1762 1540 rationem,
1791 1481 1858 1548 qua
1876 1460 2095 1535 Aristotelem

414 1610 552 1678 subinde
574 1608 621 1676 nti
641 1609 811 1692 videmus,
833 1608 985 1697 exemplo
1006 1607 1174 1674 luculento
1197 1609 1366 1674 ostendat.¹
1412 1607 1548 1695 Scripta
1569 1613 1647 1672 suut
1666 1607 1752 1674 baec
1773 1608 1807 1674 in
1827 1631 1941 1678 corum
1958 1612 2095 1700 potissi·

411 1783 498 1828 mum
519 1781 632 1843 usum,
654 1758 708 1848 qui
728 1758 788 1824 illa
808 1764 922 1825 aetate
942 1757 1136 1844 tragoedias
1158 1757 1344 1843 faciebant,
1374 1758 1491 1847 quibus
1516 1756 1689 1844 praecipit
1700 1757 1929 1847 Aristoteles,
1952 1763 2093 1832 tradim

411 1909 607 1978 fabulosae
629 1909 871 1976 itaimmutare
893 1907 1013 1991 velint,
1042 1916 1079 1972 nt
1108 1931 1221 1974 aarum
1246 1908 1331 1974 ratio
1362 1929 1500 1996 prorsus
1531 1915 1764 1995 pervertatur,
1785 1909 1878 1978 velut
1902 1910 1933 1977 si
1961 1910 2094 1994 Clytae-

414 2069 564 2130 mnestra
584 2059 640 2128 uel
658 2059 818 2148 Eriphyle
838 2066 977 2125 mortem
998 2057 1180 2142 effugeret,
1211 2059 1274 2124 sed
1294 2063 1352 2123 aut
1371 2057 1504 2123 traditis
1524 2065 1619 2124 recte
1651 2059 1711 2144 uti,
1733 2067 1791 2128 aut
1810 2082 1916 2128 nouas
1947 2061 2093 2132 inuenire

417 2210 544 2294 malint,
568 2212 664 2294 cujus
685 2210 736 2276 rei
756 2208 909 2296 exempla
936 2207 1099 2296 proponi-t.
1149 2207 1240 2284 lluos
1262 2208 1327 2274 hoo
1352 2207 1428 2274 loco
1451 2215 1586 2276 veteres
1618 2208 1716 2293 dicit,
1743 2208 1949 2292 Aeschylum
1978 2214 2096 2284 etSe-

418 2359 573 2450 pboelern
595 2381 669 2426 eum
688 2359 846 2448 Euripide
868 2357 1104 2442 intelligendos
1126 2379 1205 2424 esse
1226 2365 1385 2446 apparat,
1412 2357 1527 2448 quibus
1556 2358 1610 2424 hio
1639 2381 1768 2449 qnoque
1788 2359 1961 2450 Euripidis
1985 2386 2096 2432 exem

418 2511 508 2598 plum
529 2509 712 2576 adhibetur.
758 2509 822 2574 llis
849 2532 892 2576 ex
913 2510 1055 2576 adverso
1076 2529 1200 2595 ponera
1223 2508 1365 2576 debebit
1388 2508 1595 2596 posteriores
1625 2512 1800 2598 quosdam,
1823 2518 1880 2578 aut
1899 2511 2093 2584 laudatorem

419 2670 476 2727 sut
495 2661 759 2748 vituperaturos3
790 2660 853 2726 sed
878 2659 1052 2744 ingruente
1082 2659 1255 2742 memoria,
1286 2657 1468 2744 Oedipodis
1491 2657 1674 2746 Sophoclei
1703 2661 1865 2729 rationem
1892 2663 2096 2749 magianum

419 2811 471 2876 bis
499 2809 745 2878 recentioribus
770 2809 988 2898 conspirare,
1008 2809 1162 2898 quamvis·
1183 2831 1252 2876 non
1281 2830 1420 2896 prorsus
1442 2808 1650 2876 consimilem
1676 2831 1776 2890 esse,
1807 2812 1906 2896 buius
1935 2821 2093 2900 protenus

419 2959 620 3026 mentionem
639 2960 762 3044 injicit,
785 2961 904 3028 deiude
927 2960 1054 3026 demum
1074 2959 1279 3047 posteriores
1300 2957 1377 3025 illos
1397 2959 1639 3026 nominaturus:
1685 2959 1842 3028 Ceterum
1870 2964 1918 3030 de
1932 2961 2000 3029 loci
2021 2987 2094 3034 sen

418 3111 524 3176 tentia
543 3119 639 3177 reete
658 3110 740 3176 mibi
751 3110 904 3198 judicare
916 3110 1046 3178 videtur
1061 3104 1304 3180 Welekerus
1325 3110 1359 3174 in
1375 3108 1416 3174 iis
1426 3133 1511 3198 quae
1521 3111 1634 3198 posuit
1653 3134 1684 3198 p.
1697 3117 1774 3178 ieet
1795 3114 1875 3195 ejus'
1888 3111 1982 3197 libri,
1999 3137 2094 3204 quem

419 3262 460 3326 de
482 3260 665 3346 tragoediis
688 3259 830 3328 Graecis
852 3283 926 3327 cum
947 3261 1043 3348 epieo
1071 3257 1167 3342 cyclo
1188 3257 1320 3326 collatis
1338 3259 1492 3347 scripsit;
1511 3261 1547 3326 iu
1566 3283 1607 3328 eo
1628 3283 1758 3350 quoque
1778 3262 1984 3349 probandus,
2008 3267 2094 3354 quod

348 3421 354 3433 ’
418 3418 557 3494 mouet,
576 3433 619 3478 ne
642 3411 864 3498 despiciamus
885 3434 945 3478 eos
966 3417 1106 3498 poetas,
1140 3407 1197 3498 qui
1218 3416 1297 3496 post
1316 3408 1511 3497 Euripidem
1528 3409 1787 3506 etUSopboclem
1807 3434 1943 3480 scenam
1964 3423 2095 3482 susten·
2213 3437 2224 3464 c

418 3563 528 3627 tarint
579 3560 664 3628 Nam
692 3562 808 3628 borum
835 3583 971 3651 quoque
993 3558 1136 3649 aliquam
1162 3558 1296 3626 laudem
1324 3582 1423 3644 esso,
1454 3583 1552 3650 quum
1573 3583 1616 3626 ex
1635 3560 1747 3649 ipsius·
1766 3562 1823 3628 rei.
1848 3561 2093 3650 probabilitate,

419 3709 590 3778 literarum
608 3711 690 3778 llore
712 3710 770 3778 illa
790 3718 902 3777 aetate
925 3711 973 3776 ad.
987 3731 1147 3777 summum
1165 3707 1338 3796 fastigium
1362 3709 1470 3792 elato,
1500 3716 1574 3776 tum
1596 3732 1679 3778 vero
1702 3731 1746 3778 ex
1766 3711 1831 3776 boe
1858 3711 1939 3799 ipso·
1954 3711 2093 3804 aliisque

419 3861 517 3944 bojas
538 3861 613 3928 libri
633 3861 741 3942 locis,
759 3861 875 3950 quibus
896 3859 1104 3926 Aristotcles·
1117 3859 1337 3947 posteriorum
1356 3867 1529 3947 poetarum
1548 3859 1747 3927 mentionem
1765 3857 1869 3946 facit,
1890 3859 2003 3948 colligi
2022 3873 2095 3952 pot

421 4017 485 4076 est.
526 4010 611 4078 Nam
638 4019 764 4078 tautum
785 4010 900 4096 abest,
927 4017 964 4076 ut
982 4007 1204 4095 Aristoteles,
1228 4032 1312 4101 quae
1332 4010 1531 4099 Koaplrii,
1554 4009 1671 4100 quide
1691 4009 1814 4076 haere
1835 4011 1994 4099 scripsit,
2019 4035 2094 4082 sen·

419 4160 526 4228 tentia
551 4170 626 4246 est,
655 4161 930 4245 Astydamantem
956 4168 992 4228 et
1012 4160 1273 4228 chaeremonem
1295 4162 1402 4242 (bunc
1419 4160 1506 4228 caim
1532 4168 1626 4229 recte
1646 4159 1789 4245 intelligi
1807 4167 1904 4248 puto,
1937 4169 1973 4228 et
1991 4161 2094 4232 mudto

420 4310 554 4400 quidem
572 4311 698 4378 rectius
721 4335 817 4402 quam
838 4311 1041 4401 Sophoclem
1069 4312 1165 4394 cujus
1186 4311 1251 4378 boc
1270 4308 1352 4378 loco
1366 4310 1495 4384 mentio
1518 4333 1597 4378 esse
1617 4309 1748 4400 nequit)
1773 4309 2028 4397 vituperaverit,
2058 4321 2095 4380 ot

419 4470 611 4552 utrumque,
629 4463 810 4551 praecipue
830 4485 911 4532 vero
931 4461 1207 4544 Astydamaatem
1225 4461 1368 4528 maxima
1393 4461 1492 4530 laude
1520 4461 1706 4545 ornaverit,
1732 4461 1853 4549 quippe
1874 4461 1930 4550 qui
1945 4459 2094 4529 tabulam

421 4635 442 4676 a
462 4611 664 4702 principibus
690 4613 800 4702 poetis
821 4620 999 4680 tractatam
1024 4633 1109 4678 nove
1133 4618 1169 4678 et
1194 4611 1280 4678 bene
1314 4619 1350 4678 et
1375 4614 1460 4680 adeo
1488 4609 1606 4680 melius
1631 4610 1702 4678 illis
1727 4609 1961 4698 composuerit.
2016 4609 2094 4678 noo

419 4757 497 4826 loco
519 4770 712 4851 coroparatc
732 4763 767 4830 id
782 4764 882 4833 nobis
901 4763 1059 4832 effecisse
1079 4759 1247 4846 uidemur,
1268 4764 1387 4847 utjum
1406 4761 1609 4851 probabilius
1631 4759 1710 4847 tot,
1735 4761 1792 4830 illo
1814 4781 1943 4851 qnoque
1974 4759 2093 4844 altero,
